<record xmlns="http://www.loc.gov/MARC21/slim" xmlns:xsi="http://www.w3.org/2001/XMLSchema-instance" xsi:schemaLocation="http://www.loc.gov/MARC21/slim http://www.loc.gov/standards/marcxml/schema/MARC21slim.xsd"><leader>00037nz   2200037n  4500</leader><controlfield tag="001">DNB|124613934</controlfield><controlfield tag="003">DNB</controlfield><controlfield tag="005">20080405164237.0</controlfield><controlfield tag="008">030424n||aznnnabbn           | aaa    |c</controlfield><datafield ind1=" " ind2=" " tag="035"><subfield code="a">(DE-101)124613934</subfield></datafield><datafield ind1=" " ind2=" " tag="035"><subfield code="a">(DE-588a)124613934</subfield></datafield><datafield ind1=" " ind2=" " tag="040"><subfield code="a">DE-12</subfield><subfield code="b">ger</subfield><subfield code="c">DE-101</subfield><subfield code="e">rakwb</subfield><subfield code="d">1240</subfield></datafield><datafield ind1=" " ind2=" " tag="079"><subfield code="a">p</subfield><subfield code="q">a</subfield><subfield code="q">f</subfield><subfield code="t">12</subfield><subfield code="t">7</subfield><subfield code="t">VD-17</subfield><subfield code="t">VD-16</subfield></datafield><datafield ind1="1" ind2=" " tag="100"><subfield code="a">Decimator, Heinrich</subfield><subfield code="d">1544-1615</subfield></datafield><datafield ind1="1" ind2=" " tag="400"><subfield code="a">Decimator, Henricus</subfield><subfield code="d">1544-1615</subfield></datafield><datafield ind1="1" ind2=" " tag="400"><subfield code="a">Decimator, Heinricus</subfield><subfield code="d">1544-1615</subfield></datafield><datafield ind1="1" ind2=" " tag="400"><subfield code="a">Decimatorus, Henricus</subfield><subfield code="d">1544-1615</subfield></datafield><datafield ind1="1" ind2=" " tag="400"><subfield code="a">Decimatorius, Henricus</subfield><subfield code="d">1544-1615</subfield></datafield><datafield ind1="1" ind2=" " tag="400"><subfield code="a">Decimator, Heinrich</subfield><subfield code="d">1544-1615</subfield><subfield code="9">(VD-16)</subfield></datafield></record>